@inproceedings{frolich-2024-autocomplete,
author = {Fr\"{o}lich, Damian and van Binsbergen, L. Thomas},
title = {On the Soundness of Auto-completion Services for Dynamically Typed Languages},
year = {2024},
isbn = {9798400712111},
publisher = {Association for Computing Machinery},
address = {NY, USA},
doi = {10.1145/3689484.3690734},
booktitle = {Proceedings of the 23rd ACM SIGPLAN International Conference on Generative Programming: Concepts and Experiences},
pages = {107–120},
numpages = {14},
location = {Pasadena, CA, USA},
series = {GPCE '24}
}

@InProceedings{aspinall-2000-general,
author="Aspinall, David",
editor="Graf, Susanne
and Schwartzbach, Michael",
title="Proof General: A Generic Tool for Proof Development",
booktitle="Tools and Algorithms for the Construction and Analysis of Systems",
year="2000",
publisher="Springer Berlin Heidelberg",
address="Berlin, Heidelberg",
pages="38--43",
isbn="978-3-540-46419-8"
}


@InProceedings{brady-2021-idris2,
  author = {Brady, Edwin},
  title = {Idris 2: Quantitative Type Theory in Practice},
  booktitle = {35th European Conference on Object-Oriented Programming (ECOOP 2021)},
  pages = {9:1--9:26},
  series = {Leibniz International Proceedings in Informatics (LIPIcs)},
  ISBN = {978-3-95977-190-0},
  ISSN = {1868-8969},
  year = {2021},
  volume = {194},
  editor = {M{\o}ller, Anders and Sridharan, Manu},
  publisher = {Schloss Dagstuhl -- Leibniz-Zentrum f{\"u}r Informatik},
  address = {Dagstuhl, Germany},
  _URL = {https://drops.dagstuhl.de/opus/volltexte/2021/14052/},
  URN = {urn:nbn:de:0030-drops-140527},
  doi = {10.4230/LIPIcs.ECOOP.2021.9},
}

@InProceedings{magnusson-1994-alf,
author="Magnusson, Lena
and Nordstr{\"o}m, Bengt",
editor="Barendregt, Henk
and Nipkow, Tobias",
title="The Alf proof editor and its proof engine",
booktitle="Types for Proofs and Programs",
year="1994",
publisher="Springer Berlin Heidelberg",
address="Berlin, Heidelberg",
pages="213--237",
isbn="978-3-540-48440-0"
}


@InProceedings{hughes-2024-synthesis,
author="Hughes, Jack
and Orchard, Dominic",
editor="Weirich, Stephanie",
title="Program Synthesis from Graded Types",
booktitle="Programming Languages and Systems",
year="2024",
publisher="Springer Nature Switzerland",
address="Cham",
pages="83--112",
isbn="978-3-031-57262-3"
}


@phdthesis{knoth-2023-synthesis,
  author       = {Tristan Knoth},
  title        = {Type-Directed Program Synthesis},
  school       = {University of California, San Diego},
  year         = {2023},
  url          = {https://escholarship.org/uc/item/4g11m7rq},
}

@inproceedings{polikarpova-2016-synthesis,
author = {Polikarpova, Nadia and Kuraj, Ivan and Solar-Lezama, Armando},
title = {Program synthesis from polymorphic refinement types},
year = {2016},
isbn = {9781450342612},
publisher = {Association for Computing Machinery},
address = {New York, NY, USA},
doi = {10.1145/2908080.2908093},
booktitle = {Proceedings of the 37th ACM SIGPLAN Conference on Programming Language Design and Implementation},
pages = {522–538},
numpages = {17},
keywords = {Functional Programming, Predicate Abstraction, Program Synthesis, Refinement Types},
location = {Santa Barbara, CA, USA},
series = {PLDI '16}
}


@inproceedings{osera-2015-synthesis,
author = {Osera, Peter-Michael and Zdancewic, Steve},
title = {Type-and-example-directed program synthesis},
year = {2015},
isbn = {9781450334686},
publisher = {Association for Computing Machinery},
address = {New York, NY, USA},
_url = {https://doi.org/10.1145/2737924.2738007},
doi = {10.1145/2737924.2738007},
booktitle = {Proceedings of the 36th ACM SIGPLAN Conference on Programming Language Design and Implementation},
pages = {619–630},
numpages = {12},
keywords = {Functional Programming, Program Syn- thesis, Proof Search, Type Theory},
location = {Portland, OR, USA},
series = {PLDI '15}
}

@Inbook{brady-2015-idris,
author="Brady, Edwin",
editor="Zs{\'o}k, Vikt{\'o}ria
and Horv{\'a}th, Zolt{\'a}n
and Csat{\'o}, Lehel",
title="The Idris Programming Language",
bookTitle="Central European Functional Programming School: 5th Summer School, CEFP 2013, Cluj-Napoca, Romania, July 8-20, 2013, Revised Selected Papers",
year="2015",
publisher="Springer International Publishing",
address="Cham",
pages="115--186",
isbn="978-3-319-15940-9",
doi="10.1007/978-3-319-15940-9_4",
}

@inproceedings{pitclaudel-2016-companycoq,
  author    = {Clément Pit-Claudel and Pierre Courtieu},
  title     = {Company-Coq: Taking Proof General One Step Closer to a Real IDE},
  booktitle = {Second International Workshop on Coq for PL (CoqPL '16)},
  month     = {January},
  year      = {2016},
  url       = {https://dspace.mit.edu/handle/1721.1/101149.2}
}

@article{verter-2024-mixed,
  author       = {Jan Liam Verter and
                  Tomas Petricek},
  title        = {Don't Call Us, We'll Call You: Towards Mixed-Initiative
                  Interactive Proof Assistants for Programming Language Theory},
  journal      = {CoRR},
  volume       = {abs/2409.13872},
  year         = {2024},
  _url          = {https://doi.org/10.48550/arXiv.2409.13872},
  doi          = {10.48550/arXiv.2409.13872},
  eprinttype    = {arXiv},
  eprint       = {2409.13872},
  note    = {Presented at the 5th International Workshop on Human Aspects of Types and Reasoning Assistants (HATRA 2024)}
}



 
@inproceedings{randall-1986-ark,
author = {Smith, Randall B.},
title = {Experiences with the alternate reality kit: an example of the tension between literalism and magic},
year = {1986},
isbn = {0897912136},
publisher = {Association for Computing Machinery},
address = {New York, NY, USA},
_url = {https://doi.org/10.1145/29933.30861},
doi = {10.1145/29933.30861},
booktitle = {Proceedings of the SIGCHI/GI Conference on Human Factors in Computing Systems and Graphics Interface},
pages = {61–67},
numpages = {7},
location = {Toronto, Ontario, Canada},
series = {CHI '87}
}


@incollection{maloney-2001-morphic,
  author={Maloney, John},
  title={An Introduction to Morphic: The Squeak User Interface Framework},
  booktitle={Squeak: Open Personal Computing and Multimedia},
  year={2001},
  publisher={Prentice Hall},
  editor={Guzdial, Mark and Rose, Kim},
  isbn={978-0130280916}
}

@inproceedings{maloney-1995-morphic,
author = {Maloney, John H. and Smith, Randall B.},
title = {Directness and liveness in the morphic user interface construction environment},
year = {1995},
isbn = {089791709X},
publisher = {Association for Computing Machinery},
address = {New York, NY, USA},
_url = {https://doi.org/10.1145/215585.215636},
doi = {10.1145/215585.215636},
booktitle = {Proceedings of the 8th Annual ACM Symposium on User Interface and Software Technology},
pages = {21–28},
numpages = {8},
keywords = {user interface frameworks, user interface construction, structural reification, liveness, live editing, directness, direct manipulation, automatic layout, animation},
location = {Pittsburgh, Pennsylvania, USA},
series = {UIST '95}
}

@article{shneiderman-1983-direct,
  author       = {Ben Shneiderman},
  title        = {Direct Manipulation: {A} Step Beyond Programming Languages},
  journal      = {Computer},
  volume       = {16},
  number       = {8},
  pages        = {57--69},
  year         = {1983},
  doi          = {10.1109/MC.1983.1654471},
}

@inproceedings{kandel-2011-wrangler,
author = {Kandel, Sean and Paepcke, Andreas and Hellerstein, Joseph and Heer, Jeffrey},
title = {Wrangler: interactive visual specification of data transformation scripts},
year = {2011},
isbn = {9781450302289},
publisher = {Association for Computing Machinery},
address = {New York, NY, USA},
_url = {https://doi.org/10.1145/1978942.1979444},
doi = {10.1145/1978942.1979444},
booktitle = {Proceedings of the SIGCHI Conference on Human Factors in Computing Systems},
pages = {3363–3372},
numpages = {10},
keywords = {data analysis, data cleaning, transformation, visualization, wrangler},
location = {Vancouver, BC, Canada},
series = {CHI '11}
}
@book{cypher-1993-pbd,
  title={Watch what I Do: Programming by Demonstration},
  author={Cypher, A. and Halbert, D.C.},
  isbn={9780262032131},
  lccn={lc93018319},
  url={https://books.google.cz/books?id=Ggzjo0-W1y0C},
  year={1993},
  publisher={MIT Press}
}

@inproceedings{petricek-2019-histogram,
  author = {Tomas Petricek},
  title = {Histogram: You have to know the past to understand the present},
  booktitle = {Workshop on Live Programming (LIVE 2019)},
  year = {2019},
  address = {Athens, Greece},
  note = {Presented at the Workshop on Live Programming, Published online},
  url = {https://tomasp.net/histogram},
}

@article{zhang-2023-proofs,
      title={Getting More out of Large Language Models for Proofs},
      author={Shizhuo Dylan Zhang and Talia Ringer and Emily First},
      journal      = {CoRR},
      volume={abs/2305.04369},
      year={2023},
      doi={10.48550/arXiv.2305.04369},
      eprinttype    = {arXiv},
      eprint={2305.04369},
      archivePrefix={arXiv},
      primaryClass={cs.FL},
      _url={https://arxiv.org/abs/2305.04369},
      note={Presented at the 8th Conference on Artificial Intelligence and Theorem Proving (AITP 2023)}
}
@inproceedings{zhaoyu-2024-deep,
title={A Survey on Deep Learning for Theorem Proving},
author={Zhaoyu Li and Jialiang Sun and Logan Murphy and Qidong Su and Zenan Li and Xian Zhang and Kaiyu Yang and Xujie Si},
booktitle={First Conference on Language Modeling},
year={2024},
url={https://openreview.net/forum?id=zlw6AHwukB}
}

@inproceedings{petricek-2016-fsdata,
author = {Petricek, Tomas and Guerra, Gustavo and Syme, Don},
title = {Types from data: making structured data first-class citizens in {F\#}},
year = {2016},
isbn = {9781450342612},
publisher = {Association for Computing Machinery},
address = {New York, NY, USA},
doi = {10.1145/2908080.2908115},
booktitle = {Proceedings of the 37th ACM SIGPLAN Conference on Programming Language Design and Implementation},
pages = {477–490},
numpages = {14},
location = {Santa Barbara, CA, USA},
series = {PLDI '16}
}

@inproceedings{sutton-2018-datadiff,
  author        = "Charles A. Sutton and Timothy Hobson and James Geddes and Rich Caruana",
  booktitle     = "{Proceedings of the 24th ACM SIGKDD International Conference on Knowledge Discovery and Data Mining}",
  doi           = "10.1145/3219819.3220057",
  pages         = "2279--2288",
  publisher     = "{ACM}",
  title         = "{Data Diff: Interpretable, Executable Summaries of Changes in Distributions for Data Wrangling}",
  year          = 2018,
}

@techreport{syme-2012-inforich,
author = {Syme, Don and Battocchi, Keith and Takeda, Kenji and Malayeri, Donna and Fisher, Jomo and Hu, Jack and Liu, Tao and McNamara, Brian and Quirk, Daniel and Taveggia, Matteo and Chae, Wonseok and Matsveyeu, Uladzimir and Petricek, Tomas},
title = {F\# 3.0 - Strongly-Typed Language Support for Internet-Scale Information Sources},
year = {2012},
month = {September},
publisher = {Microsoft Research},
url = {https://www.microsoft.com/en-us/research/publication/f3-0-strongly-typed-language-support-for-internet-scale-information-sources/},
number = {MSR-TR-2012-101},
}
@inproceedings{syme-2013-inforich,
  author       = {Don Syme and
                  Keith Battocchi and
                  Kenji Takeda and
                  Donna Malayeri and
                  Tomas Petricek},
  editor       = {Evelyne Viegas and
                  Karin K. Breitman and
                  Judith Bishop},
  title        = {Themes in information-rich functional programming for internet-scale
                  data sources},
  booktitle    = {Proceedings of the 2013 Workshop on Data Driven Functional Programming,
                  {DDFP} 2013, Rome, Italy, January 22, 2013},
  pages        = {1--4},
  publisher    = {{ACM}},
  year         = {2013},
  _url          = {https://doi.org/10.1145/2429376.2429378},
  doi          = {10.1145/2429376.2429378},
  timestamp    = {Sat, 19 Aug 2023 18:10:19 +0200},
  biburl       = {https://dblp.org/rec/conf/popl/SymeBTMP12.bib},
  bibsource    = {dblp computer science bibliography, https://dblp.org}
}

@inproceedings{petricek-2017-dotdriven,
  author       = {Tomas Petricek},
  editor       = {Peter M{\"{u}}ller},
  title        = {Data Exploration through Dot-driven Development},
  booktitle    = {31st European Conference on Object-Oriented Programming, {ECOOP} 2017,
                  June 19-23, 2017, Barcelona, Spain},
  series       = {LIPIcs},
  volume       = {74},
  pages        = {21:1--21:27},
  publisher    = {Schloss Dagstuhl - Leibniz-Zentrum f{\"{u}}r Informatik},
  year         = {2017},
  _url          = {https://doi.org/10.4230/LIPIcs.ECOOP.2017.21},
  doi          = {10.4230/LIPICS.ECOOP.2017.21},
  timestamp    = {Tue, 11 Feb 2020 15:52:14 +0100},
  biburl       = {https://dblp.org/rec/conf/ecoop/Petricek17.bib},
  bibsource    = {dblp computer science bibliography, https://dblp.org}
}

@article{petricek-2020-live,
  author       = {Tomas Petricek},
  title        = {Foundations of a live data exploration environment},
  journal      = {Art Sci. Eng. Program.},
  volume       = {4},
  number       = {3},
  pages        = {8},
  year         = {2020},
  _url          = {https://doi.org/10.22152/programming-journal.org/2020/4/8},
  doi          = {10.22152/PROGRAMMING-JOURNAL.ORG/2020/4/8},
  timestamp    = {Sun, 02 Oct 2022 15:46:38 +0200},
  biburl       = {https://dblp.org/rec/journals/programming/Petricek20.bib},
  bibsource    = {dblp computer science bibliography, https://dblp.org}
}

@book{seemann-2021-head,
  title        = {Code That Fits in Your Head: Heuristics for Software Engineering},
  author       = {Seemann, Mark},
  year         = {2021},
  publisher    = {Addison-Wesley Professional},
  address      = {Boston},
  isbn         = {978-0-13-746440-1},
  _url          = {https://www.pearson.com/en-us/subject-catalog/p/code-that-fits-in-your-head-heuristics-for-software-engineering/P200000009593/9780137464357}
}

@inproceedings{petricek-2022-thegamma,
  author       = {Tomas Petricek},
  editor       = {Paolo Bottoni and
                  Gennaro Costagliola and
                  Michelle Brachman and
                  Mark Minas},
  title        = {The Gamma: Programmatic Data Exploration for Non-programmers},
  booktitle    = {2022 {IEEE} Symposium on Visual Languages and Human-Centric Computing,
                  {VL/HCC} 2022, Rome, Italy, September 12-16, 2022},
  pages        = {1--7},
  publisher    = {{IEEE}},
  year         = {2022},
  _url          = {https://doi.org/10.1109/VL/HCC53370.2022.9833134},
  doi          = {10.1109/VL/HCC53370.2022.9833134},
  timestamp    = {Fri, 21 Jun 2024 10:27:46 +0200},
  biburl       = {https://dblp.org/rec/conf/vl/000122.bib},
  bibsource    = {dblp computer science bibliography, https://dblp.org}
}

@article{petricek-2023-aias,
  author       = {Tomas Petricek and
                  Gerrit J. J. van den Burg and
                  Alfredo Naz{\'{a}}bal and
                  Taha Ceritli and
                  Ernesto Jim{\'{e}}nez{-}Ruiz and
                  Christopher K. I. Williams},
  title        = {{AI} Assistants: {A} Framework for Semi-Automated Data Wrangling},
  journal      = {{IEEE} Trans. Knowl. Data Eng.},
  volume       = {35},
  number       = {9},
  pages        = {9295--9306},
  year         = {2023},
  _url          = {https://doi.org/10.1109/TKDE.2022.3222538},
  doi          = {10.1109/TKDE.2022.3222538},
  timestamp    = {Thu, 31 Aug 2023 19:51:24 +0200},
  biburl       = {https://dblp.org/rec/journals/tkde/PetricekBNCJW23.bib},
  bibsource    = {dblp computer science bibliography, https://dblp.org}
}

@inproceedings{rpg-2012-revolution,
author = {Gabriel, Richard P.},
title = {The structure of a programming language revolution},
year = {2012},
isbn = {9781450315623},
publisher = {Association for Computing Machinery},
address = {New York, NY, USA},
_url = {https://doi.org/10.1145/2384592.2384611},
doi = {10.1145/2384592.2384611},
booktitle = {Proceedings of the ACM International Symposium on New Ideas, New Paradigms, and Reflections on Programming and Software},
pages = {195–214},
numpages = {20},
keywords = {engineering, incommensurability, paradigms, science},
location = {Tucson, Arizona, USA},
series = {Onward! 2012}
}

@article{jakubovic-2023-techdims,
  author       = {Joel Jakubovic and
                  J. Edwards and
                  T. Petricek},
  title        = {Technical Dimensions of Programming Systems},
  journal      = {Art Sci. Eng. Program.},
  volume       = {7},
  number       = {3},
  year         = {2023},
  _url          = {https://doi.org/10.22152/programming-journal.org/2023/7/13},
  doi          = {10.22152/PROGRAMMING-JOURNAL.ORG/2023/7/13},
  timestamp    = {Fri, 21 Apr 2023 15:49:56 +0200},
  biburl       = {https://dblp.org/rec/journals/programming/JakubovicEP23.bib},
  bibsource    = {dblp computer science bibliography, https://dblp.org}
}

@techreport{altenkirch-1994-alf,
  title        = {A user’s guide to ALF},
  author       = {Altenkirch, Thorsten and Gaspes, Veronica and Nordström, Bengt and von Sydow, Björn},
  institution  = {Chalmers University of Technology, Sweden},
  year         = {1994},
  note         = {Unpublished Draft},
  url          = {https://people.cs.nott.ac.uk/psztxa/publ/alf94.pdf}
}

@article{adams-2025-grove,
author = {Adams, Michael D. and Griffis, Eric and Porter, Thomas J. and Satish, Sundara Vishnu and Zhao, Eric and Omar, Cyrus},
title = {Grove: A Bidirectionally Typed Collaborative Structure Editor Calculus},
year = {2025},
issue_date = {January 2025},
publisher = {Association for Computing Machinery},
address = {New York, NY, USA},
volume = {9},
number = {POPL},
doi = {10.1145/3704909},
journal = {Proc. ACM Program. Lang.},
month = jan,
articleno = {73},
numpages = {29},
keywords = {CRDTs, collaborative editing, gradual typing, version control systems}
}

@article{rein-2019-exploratory,
  title        = {Exploratory and Live, Programming and Coding: A Literature Study Comparing Perspectives on Liveness},
  author       = {Patrick Rein and Stefan Ramson and Jens Lincke and Robert Hirschfeld and Tobias Pape},
  journal      = {The Art, Science, and Engineering of Programming},
  volume       = {3},
  number       = {1},
  pages        = {1},
  year         = {2019},
  doi          = {10.22152/programming-journal.org/2019/3/1},
  _url          = {https://doi.org/10.22152/programming-journal.org/2019/3/1}
}

@article{mayer-2018-bidirectional,
author = {Mayer, Mika\"{e}l and Kuncak, Viktor and Chugh, Ravi},
title = {Bidirectional evaluation with direct manipulation},
year = {2018},
issue_date = {November 2018},
publisher = {Association for Computing Machinery},
address = {New York, NY, USA},
volume = {2},
number = {OOPSLA},
doi = {10.1145/3276497},
journal = {Proc. ACM Program. Lang.},
month = oct,
articleno = {127},
numpages = {28},
keywords = {Sketch-n-Sketch, Direct Manipulation, Bidirectional Programming}
}

@inproceedings {petricek-2018-wrattler,
author = {Tomas Petricek and James Geddes and Charles Sutton},
title = {Wrattler: Reproducible, live and polyglot notebooks},
booktitle = {10th USENIX Workshop on the Theory and Practice of Provenance (TaPP 2018)},
year = {2018},
address = {London},
url = {https://www.usenix.org/conference/tapp2018/presentation/petricek},
publisher = {USENIX Association},
month = jul
}

@phdthesis{mcbride-1999-dependently,
  title = {Dependently Typed Functional Programs and their Proofs},
  author = {McBride, Conor},
  year = {1999},
  school = {University of Edinburgh},
  url = {https://era.ed.ac.uk/handle/1842/374}
}

@techreport{nesetril-2005-strom,
  author = {Nešetřil, Jaroslav},
  title = {Strom jako matematická struktura -- i v umění},
  institution = {Department of Applied Mathematics, Charles University},
  year = {2005},
  number = {742},
  type = {KAM Series},
  url = {https://kam.mff.cuni.cz/~kamserie/serie/clanky/2005/s742.pdf}
}

@inproceedings{green-1989-cogdims,
 author    = {Thomas R. G. Green},
 title     = {Cognitive Dimensions of Notations},
 booktitle = {People and Computers V: Proceedings of the Fifth Conference of the British Computer Society},
 editor    = {A. Sutcliffe and L. Macaulay},
 year      = {1989},
 pages     = {443--460},
 publisher = {Cambridge University Press},
 address   = {Cambridge, UK},
 isbn      = {978-0521384308}
}

@incollection{blackwell-2003-cogdims,
  author    = {Alan F. Blackwell and Thomas R. G. Green},
  title     = {Notational Systems – The Cognitive Dimensions of Notations Framework},
  booktitle = {HCI Models, Theories, and Frameworks: Toward a Multidisciplinary Science},
  editor    = {John M. Carroll},
  year      = {2003},
  pages     = {103--134},
  publisher = {Morgan Kaufmann},
  address   = {San Francisco},
  isbn      = {978-1-55860-808-5}
}
@article{codd-1970-relational,
author = {Codd, E. F.},
title = {A relational model of data for large shared data banks},
year = {1970},
publisher = {Association for Computing Machinery},
address = {New York, NY, USA},
volume = {13},
number = {6},
issn = {0001-0782},
doi = {10.1145/362384.362685},
journal = {Commun. ACM},
month = jun,
pages = {377–387},
numpages = {11},
}

@article{omar-2019-holes,
author = {Omar, Cyrus and Voysey, Ian and Chugh, Ravi and Hammer, Matthew A.},
title = {Live functional programming with typed holes},
year = {2019},
issue_date = {January 2019},
publisher = {Association for Computing Machinery},
address = {New York, NY, USA},
volume = {3},
number = {POPL},
doi = {10.1145/3290327},
journal = {Proc. ACM Program. Lang.},
month = jan,
articleno = {14},
numpages = {32},
}

@misc{nooralahzadeh-2024-data,
      title={Explainable Multi-Modal Data Exploration in Natural Language via LLM Agent},
      author={Farhad Nooralahzadeh and Yi Zhang and Jonathan Furst and Kurt Stockinger},
      year={2024},
      eprint={2412.18428},
      archivePrefix={arXiv},
      primaryClass={cs.AI},
      url={https://arxiv.org/abs/2412.18428},
}

@inproceedings{yin-2023-codegen,
    title = "Natural Language to Code Generation in Interactive Data Science Notebooks",
    author = "Yin, Pengcheng  and
      Li, Wen-Ding  and
      Xiao, Kefan  and
      Rao, Abhishek  and
      Wen, Yeming  and
      Shi, Kensen  and
      Howland, Joshua  and
      Bailey, Paige  and
      Catasta, Michele  and
      Michalewski, Henryk  and
      Polozov, Oleksandr  and
      Sutton, Charles",
    editor = "Rogers, Anna  and
      Boyd-Graber, Jordan  and
      Okazaki, Naoaki",
    booktitle = "Proceedings of the 61st Annual Meeting of the Association for Computational Linguistics (Volume 1: Long Papers)",
    month = jul,
    year = "2023",
    address = "Toronto, Canada",
    publisher = "Association for Computational Linguistics",
    doi = "10.18653/v1/2023.acl-long.9",
    pages = "126--173",
}

@inproceedings{guo-2011-proactive,
author = {Guo, Philip J. and Kandel, Sean and Hellerstein, Joseph M. and Heer, Jeffrey},
title = {Proactive wrangling: mixed-initiative end-user programming of data transformation scripts},
year = {2011},
isbn = {9781450307161},
publisher = {Association for Computing Machinery},
address = {New York, NY, USA},
doi = {10.1145/2047196.2047205},
booktitle = {Proceedings of the 24th Annual ACM Symposium on User Interface Software and Technology},
pages = {65–74},
numpages = {10},
keywords = {data analysis, data cleaning, data transformation, end-user programming, mixed-initiative interfaces},
location = {Santa Barbara, California, USA},
series = {UIST '11}
}
@InProceedings{lowe-1997-xbarnacle,
author="Lowe, Helen
and Duncan, David",
editor="McCune, William",
title="XBarnacle: Making theorem provers more accessible",
booktitle="Automated Deduction---CADE-14",
year="1997",
publisher="Springer Berlin Heidelberg",
address="Berlin, Heidelberg",
pages="404--407",
isbn="978-3-540-69140-2"
}


@inproceedings{aldrich-2008-sasylf,
author = {Aldrich, Jonathan and Simmons, Robert J. and Shin, Key},
title = {SASyLF: an educational proof assistant for language theory},
year = {2008},
isbn = {9781605580685},
publisher = {Association for Computing Machinery},
address = {New York, NY, USA},
doi = {10.1145/1411260.1411266},
booktitle = {Proceedings of the 2008 International Workshop on Functional and Declarative Programming in Education},
pages = {31–40},
numpages = {10},
keywords = {education, logical framework, metatheory, proof assistant},
location = {Victoria, BC, Canada},
series = {FDPE '08}
}

@incollection{bainbridge-1983-ironies,
  title = {Ironies of Automation},
  editor = {G. Johannsen and J.E. Rijnsdorp},
  booktitle = {Analysis, Design and Evaluation of Man–Machine Systems},
  publisher = {Pergamon},
  pages = {129-135},
  year = {1983},
  isbn = {978-0-08-029348-6},
  doi = {10.1016/B978-0-08-029348-6.50026-9},
  author = {Lisanne Bainbridge},
}
@article{sellen-2024-copilot,
author = {Sellen, Abigail and Horvitz, Eric},
title = {The Rise of the AI Co-Pilot: Lessons for Design from Aviation and Beyond},
year = {2024},
issue_date = {July 2024},
publisher = {Association for Computing Machinery},
address = {New York, NY, USA},
volume = {67},
number = {7},
issn = {0001-0782},
url = {https://doi.org/10.1145/3637865},
doi = {10.1145/3637865},
abstract = {Building on cross-disciplinary insights to shape the future of human-AI interaction.},
journal = {Commun. ACM},
month = jul,
pages = {18–23},
numpages = {6}
}
